00594cas a22002291a 4500
001 999318043502836
003 Nz
005 20161223153135.0
008 040112d19561967nz  r ne      0   0 eng d
035    $a (Nz)8181631
035    $a (NLNZils)931804
035    $a (NLNZils)931804-ilsdb
035    $a (OCoLC)173422803
040    $a WN $c WN
042    $a nznb
043    $a u-nz---
245 00 $a Sandringham star.
260    $a [Auckland, N.Z. : $b s.n., $c 1956-1967]
310    $a Monthly
362 0  $a 1956 Jul.?-1967 Mar.
651  0 $a Auckland (N.Z.) $v Newspapers.
655  7 $a New Zealand newspapers. $2 local $5 Nz
